@article {ref:two_case_studies,
	title = "Two Case Studies of Open Source Software Development: Apache and Mozilla",
	author = "Mockus, Audris and Fielding, Roy T. and Herbsleb, James D."
}

@inproceedings{ref:evolution_of_jun,
	author = {Aoki, Atsushi and Hayashi, Kaoru and Kishida, Kouichi and Nakakoji, Kumiyo and Nishinaka, Yoshiyuki and Reeves, Brent and Takashima, Akio and Yamamoto, Yasuhiro},
	title = {A Case Study of the Evolution of Jun: An Object-oriented Open-source 3D Multimedia Library},
	booktitle = {Proceedings of the 23rd International Conference on Software Engineering},
	series = {ICSE '01},
	year = {2001},
	isbn = {0-7695-1050-7},
	location = {Toronto, Ontario, Canada},
	pages = {524--533},
	numpages = {10},
	url = {http://dl.acm.org/citation.cfm?id=381473.381535},
	acmid = {381535},
	publisher = {IEEE Computer Society},
	address = {Washington, DC, USA},
}

@article {ref:a_complexity_measure,
	title="A Complexity Measure",
	author = "McCabe, Thomas J.",
	year = 1976,
	journal = "IEEE TRANSACTIONS ON SOFTWARE ENGINEERING",
	volume = "SE-2",
	number = "4",
	pages = "308--320"
}
@Article{ref:evaluating_software_complexity_measures,
	author = {Weyuker, Elaine J.},
	title = {Evaluating Software Complexity Measures},
	journal = {IEEE TRANSACTIONS ON SOFTWARE ENGINEERING,},
	year = {1988},
	volume = {14},
	number = {9},
	pages = {1357--1365},
}

@Misc{ref:gj_wiki,
	title = {Generative Justice Wiki!},
	author = {Wiki},
	howpublished = {website},
	month = {08},
	year = {2014},
	note = {Wiki},
	url = {http://generativejustice.wikispaces.com/},
}

@Misc{ref:os_org,
	author = {Open Source Initiative},
	title = {The Open Source Initiative},
	howpublished = {website},
	month = {08},
	year = {2014},
	url = {http://opensource.org/},
}

@article{ref:open_source_network_theory,
  title={The open source software development phenomenon: An analysis based on social network theory},
  author={Madey, Gregory and Freeh, Vincent and Tynan, Renee},
  journal={AMCIS 2002 Proceedings},
  pages={247},
  year={2002}
}

@TechReport{ref:floss_report,
	author = {Ghosh, Rishab A. et al},
	title = {Free/Libre and Open Source Software:
	Survey and Study},
	institution = {University of Maastricht, The Netherlands},
	year = {2002},
	number = {4},
	month = {June},
}

@book{ref:penguin,
	author = {Benkler, Yocha},
	title = {The Penguin and the Leviathan: How Cooperation Triumphs over Self-Interest},
	date = {2011},
	edition = {1st},
	publisher = {Crown Business},
	location = {New York},
}

@inbook{ref:basins,
	author = {Eglash, R and Garvey, C},
	title = {Basins of Attraction for Generative Justice},
	booktitle = {Chaos Theory in Politics
	Understanding Complex Systems},
	date = {2014},
	bookauthor = {Santo Banerjee, Şefika Şule Erçetin, Ali Tekin},
	publisher = {Springer},
	location = {Berlin},
}

@book{ref:governing_commons,
	author = {Ostrom, Elino},
	title = { Governing the Commons: The Evolution of Institutions for Collective Act},
	date = {1990},
	publisher = {Cambridge University Press},
	location = {Cambrdige; New York},
}

@article{ref:cilibrasi2005clustering,
  title={Clustering by compression},
  author={Cilibrasi, Rudi and Vit{\'a}nyi, Paul MB},
  journal={Information Theory, IEEE Transactions on},
  volume={51},
  number={4},
  pages={1523--1545},
  year={2005},
  publisher={IEEE}
}

@inproceedings{ref:oviedo1993control,
  title={Control flow, data flow and program complexity},
  author={Oviedo, Enrique I},
  booktitle={Software engineering metrics I},
  pages={52--65},
  year={1993},
  organization={McGraw-Hill, Inc.}
}
